
@book{vandevijver2021,
	title = {Methods and data analysis for cross-cultural research},
	author = {Van de Vijver, Fons JR and Leung, Kwok},
	year = {2021},
	date = {2021},
	publisher = {Cambridge University Press},
	volume = {116}
}

@book{vandevijver2021,
	title = {Methods and data analysis for cross-cultural research},
	author = {Van de Vijver, Fons JR and Leung, Kwok},
	year = {2021},
	date = {2021},
	publisher = {Cambridge University Press},
	volume = {116}
}

@book{vandevijver2021,
	title = {Methods and data analysis for cross-cultural research},
	author = {Van de Vijver, Fons JR and Leung, Kwok},
	year = {2021},
	date = {2021},
	publisher = {Cambridge University Press},
	volume = {116}
}

@book{briggs2021,
	title = {Historical and conceptual foundations of measurement in the human sciences: Credos and controversies},
	author = {Briggs, Derek C},
	year = {2021},
	date = {2021},
	publisher = {Routledge}
}

@book{briggs2021,
	title = {Historical and conceptual foundations of measurement in the human sciences: Credos and controversies},
	author = {Briggs, Derek C},
	year = {2021},
	date = {2021},
	publisher = {Routledge}
}

@book{bandalos2018,
	title = {Measurement theory and applications for the social sciences},
	author = {Bandalos, Deborah L},
	year = {2018},
	date = {2018},
	publisher = {Guilford Publications}
}

@book{pearl2018,
	title = {The book of why: the new science of cause and effect},
	author = {Pearl, Judea and Mackenzie, Dana},
	year = {2018},
	date = {2018},
	publisher = {Basic books}
}
