
@book{vandevijver2021,
	title = {Methods and data analysis for cross-cultural research},
	author = {Van de Vijver, Fons JR and Leung, Kwok},
	year = {2021},
	date = {2021},
	publisher = {Cambridge University Press},
	volume = {116}
}

@article{berry1989,
	title = {Imposed etics{\textemdash}emics{\textemdash}derived etics: The operationalization of a compelling idea},
	author = {Berry, John W},
	year = {1989},
	date = {1989},
	journal = {International journal of psychology},
	pages = {721{\textendash}735},
	volume = {24},
	number = {6},
	note = {Publisher: Wiley Online Library}
}

@article{he2012,
	title = {Bias and Equivalence in Cross-Cultural Research},
	author = {He, Jia and van de Vijver, Fons},
	year = {2012},
	month = {06},
	date = {2012-06-01},
	journal = {Online Readings in Psychology and Culture},
	volume = {2},
	number = {2},
	doi = {10.9707/2307-0919.1111},
	url = {http://dx.doi.org/10.9707/2307-0919.1111},
	langid = {en}
}

@article{hernán2022,
	title = {Target Trial Emulation: A Framework for Causal Inference From Observational Data},
	author = {{Hernán}, Miguel A. and Wang, Wei and Leaf, David E.},
	year = {2022},
	month = {12},
	date = {2022-12-27},
	journal = {JAMA},
	pages = {2446--2447},
	volume = {328},
	number = {24},
	doi = {10.1001/jama.2022.21383},
	url = {https://doi.org/10.1001/jama.2022.21383}
}

@book{greifer2023,
	title = {clarify: Simulation-Based Inference for Regression Models},
	author = {Greifer, Noah and Worthington, Steven and Iacus, Stefano and King, Gary},
	year = {2023},
	date = {2023},
	url = {https://iqss.github.io/clarify/}
}

@article{danaei2012,
	title = {Bias in observational studies of prevalent users: lessons for comparative effectiveness research from a meta-analysis of statins},
	author = {Danaei, Goodarz and Tavakkoli, Mohammad and {Hernán}, Miguel A.},
	year = {2012},
	month = {02},
	date = {2012-02-15},
	journal = {American Journal of Epidemiology},
	pages = {250--262},
	volume = {175},
	number = {4},
	doi = {10.1093/aje/kwr301},
	note = {PMID: 22223710
PMCID: PMC3271813},
	langid = {eng}
}

@book{greifer2023a,
	title = {WeightIt: Weighting for Covariate Balance in Observational Studies},
	author = {Greifer, Noah},
	year = {2023},
	date = {2023}
}

@article{vanderweele2020,
	title = {Outcome-wide longitudinal designs for causal inference: a new template for empirical studies},
	author = {VanderWeele, Tyler J and Mathur, Maya B and Chen, Ying},
	year = {2020},
	date = {2020},
	journal = {Statistical Science},
	pages = {437{\textendash}466},
	volume = {35},
	number = {3},
	note = {Publisher: Institute of Mathematical Statistics}
}

@article{vanderweele2020,
	title = {Outcome-wide longitudinal designs for causal inference: a new template for empirical studies},
	author = {VanderWeele, Tyler J and Mathur, Maya B and Chen, Ying},
	year = {2020},
	date = {2020},
	journal = {Statistical Science},
	pages = {437{\textendash}466},
	volume = {35},
	number = {3},
	note = {Publisher: Institute of Mathematical Statistics}
}

@article{bulbulia2022,
	title = {A workflow for causal inference in cross-cultural psychology},
	author = {Bulbulia, Joseph A.},
	year = {2022},
	date = {2022},
	journal = {Religion, Brain & Behavior},
	pages = {1--16},
	volume = {0},
	number = {0},
	doi = {10.1080/2153599X.2022.2070245},
	url = {https://doi.org/10.1080/2153599X.2022.2070245}
}

@article{vanderweele2022,
	title = {Constructed Measures and Causal Inference: Towards a New Model of Measurement for Psychosocial Constructs},
	author = {VanderWeele, Tyler J.},
	year = {2022},
	month = {01},
	date = {2022-01},
	journal = {Epidemiology},
	pages = {141},
	volume = {33},
	number = {1},
	doi = {10.1097/EDE.0000000000001434},
	url = {https://journals.lww.com/epidem/fulltext/2022/01000/constructed_measures_and_causal_inference__towards.17.aspx},
	langid = {canadian}
}

@article{vanderweele2013,
	title = {Causal inference under multiple versions of treatment},
	author = {VanderWeele, Tyler J and Hernan, Miguel A},
	year = {2013},
	date = {2013},
	journal = {Journal of causal inference},
	pages = {1{\textendash}20},
	volume = {1},
	number = {1},
	note = {Publisher: De Gruyter}
}

@article{mathur2018,
	title = {Website and R package for computing E-values},
	author = {Mathur, Maya B and Ding, Peng and Riddell, Corinne A and VanderWeele, Tyler J},
	year = {2018},
	date = {2018},
	journal = {Epidemiology (Cambridge, Mass.)},
	pages = {e45},
	volume = {29},
	number = {5},
	note = {Publisher: NIH Public Access}
}

@article{mathur2018a,
	title = {Website and R package for computing E-values},
	author = {Mathur, Maya B and Ding, Peng and Riddell, Corinne A and VanderWeele, Tyler J},
	year = {2018},
	date = {2018},
	journal = {Epidemiology (Cambridge, Mass.)},
	pages = {e45},
	volume = {29},
	number = {5},
	note = {Publisher: NIH Public Access}
}

@article{vanderweele2017,
	title = {Sensitivity Analysis in Observational Research: Introducing the E-Value},
	author = {VanderWeele, Tyler J. and Ding, Peng},
	year = {2017},
	month = {08},
	date = {2017-08-15},
	journal = {Annals of Internal Medicine},
	pages = {268--274},
	volume = {167},
	number = {4},
	doi = {10.7326/M16-2607},
	url = {https://www.acpjournals.org/doi/abs/10.7326/M16-2607}
}
